@article{guzdial2002teaching,
  title={Teaching the Nintendo generation to program},
  author={Guzdial, Mark and Soloway, Elliot},
  journal={Communications of the ACM},
  volume={45},
  number={4},
  pages={17--21},
  year={2002},
  publisher={ACM}
}

@inproceedings{bergin2005programming,
  title={Programming: factors that influence success},
  author={Bergin, Susan and Reilly, Ronan},
  booktitle={ACM SIGCSE Bulletin},
  volume={37},
  number={1},
  pages={411--415},
  year={2005},
  organization={ACM}
}

@inproceedings{wilson2001contributing,
  title={Contributing to success in an introductory computer science course: a study of twelve factors},
  author={Wilson, Brenda Cantwell and Shrock, Sharon},
  booktitle={ACM SIGCSE Bulletin},
  volume={33},
  number={1},
  pages={184--188},
  year={2001},
  organization={ACM}
}

@inproceedings{hagan2000does,
  title={Does it help to have some programming experience before beginning a computing degree program?},
  author={Hagan, Dianne and Markham, Selby},
  booktitle={ACM SIGCSE Bulletin},
  volume={32},
  number={3},
  pages={25--28},
  year={2000},
  organization={ACM}
}

@article{karsten1998computer,
  title={Computer self-efficacy: A practical indicator of student computer competency in introductory IS courses},
  author={Karsten, Rex and Roth, Roberta M},
  journal={Informing Science},
  volume={1},
  number={3},
  pages={61--68},
  year={1998},
  publisher={South-Western}
}

@article{mcdowell2002effects,
  title={The effects of pair-programming on performance in an introductory programming course},
  author={McDowell, Charlie and Werner, Linda and Bullock, Heather and Fernald, Julian},
  journal={ACM SIGCSE Bulletin},
  volume={34},
  number={1},
  pages={38--42},
  year={2002},
  publisher={ACM}
}

@inproceedings{de2016pair,
  title={Pair Programming vs. Solo Programming: What Do We Know After 15 Years of Research?},
  author={de Lima Salge, Carolina Alves and Berente, Nicholas},
  booktitle={System Sciences (HICSS), 2016 49th Hawaii International Conference on},
  pages={5398--5406},
  year={2016},
  organization={IEEE}
}

@inproceedings{ramalingam2004self,
  title={Self-efficacy and mental models in learning to program},
  author={Ramalingam, Vennila and LaBelle, Deborah and Wiedenbeck, Susan},
  booktitle={ACM SIGCSE Bulletin},
  volume={36},
  number={3},
  pages={171--175},
  year={2004},
  organization={ACM}
}

@book{bandura1997self,
  title={Self-efficacy: The exercise of control},
  author={Bandura, Albert},
  year={1997},
  publisher={Macmillan}
}

@article{zimmerman2000self,
  title={Self-efficacy: An essential motive to learn},
  author={Zimmerman, Barry J},
  journal={Contemporary educational psychology},
  volume={25},
  number={1},
  pages={82--91},
  year={2000},
  publisher={Elsevier}
}

@article{sherer1982self,
  title={The self-efficacy scale: Construction and validation},
  author={Sherer, Mark and Maddux, James E and Mercandante, Blaise and Prentice-Dunn, Steven and Jacobs, Beth and Rogers, Ronald W},
  journal={Psychological reports},
  volume={51},
  number={2},
  pages={663--671},
  year={1982},
  publisher={SAGE Publications Sage CA: Los Angeles, CA}
}

@inproceedings{williams2001support,
  title={In support of student pair-programming},
  author={Williams, Laurie and Upchurch, Richard L},
  booktitle={ACM SIGCSE Bulletin},
  volume={33},
  number={1},
  pages={327--331},
  year={2001},
  organization={ACM}
}


@inproceedings{kinnunen2011cs,
  title={CS majors' self-efficacy perceptions in CS1: results in light of social cognitive theory},
  author={Kinnunen, P{\"a}ivi and Simon, Beth},
  booktitle={Proceedings of the seventh international workshop on Computing education research},
  pages={19--26},
  year={2011},
  organization={ACM}
}

@inproceedings{mcdowell2003impact,
  title={The impact of pair programming on student performance, perception and persistence},
  author={McDowell, Charlie and Werner, Linda and Bullock, Heather E and Fernald, Julian},
  booktitle={Proceedings of the 25th international conference on Software engineering},
  pages={602--607},
  year={2003},
  organization={IEEE Computer Society}
}

@article{williams2000all,
  title={All I really need to know about pair programming I learned in kindergarten},
  author={Williams, Laurie A and Kessler, Robert R},
  journal={Communications of the ACM},
  volume={43},
  number={5},
  pages={108--114},
  year={2000},
  publisher={ACM}
}

@inproceedings{begel2008pair,
  title={Pair programming: what's in it for me?},
  author={Begel, Andrew and Nagappan, Nachiappan},
  booktitle={Proceedings of the Second ACM-IEEE international symposium on Empirical software engineering and measurement},
  pages={120--128},
  year={2008},
  organization={ACM}
}

@article{schumacher2013developing,
  title={Developing the master learner: applying learning theory to the learner, the teacher, and the learning environment},
  author={Schumacher, Daniel J and Englander, Robert and Carraccio, Carol},
  journal={Academic Medicine},
  volume={88},
  number={11},
  pages={1635--1645},
  year={2013},
  publisher={LWW}
}

@article{salleh2014investigating,
  title={Investigating the effects of personality traits on pair programming in a higher education setting through a family of experiments},
  author={Salleh, Norsaremah and Mendes, Emilia and Grundy, John},
  journal={Empirical Software Engineering},
  volume={19},
  number={3},
  pages={714--752},
  year={2014},
  publisher={Springer}
}


